<record><leader>00000cas a2200000 a 4500</leader><controlfield tag="001">12190896</controlfield><controlfield tag="008">850624d18991900ksuwr ne      0    0eng d</controlfield><datafield ind1=" " ind2=" " tag="010"><subfield code="a">sn 85031339 </subfield></datafield><datafield ind1=" " ind2=" " tag="040"><subfield code="a">KSH</subfield><subfield code="b">eng</subfield><subfield code="c">KSH</subfield><subfield code="d">NPT</subfield><subfield code="d">OCL</subfield><subfield code="d">OCLCQ</subfield></datafield><datafield ind1=" " ind2=" " tag="042"><subfield code="a">msc</subfield></datafield><datafield ind1="0" ind2="4" tag="245"><subfield code="a">The Caney patriot.</subfield></datafield><datafield ind1=" " ind2=" " tag="260"><subfield code="a">Caney, Kan. :</subfield><subfield code="b">Frank L. Lowther,</subfield><subfield code="c">1899-</subfield></datafield><datafield ind1=" " ind2=" " tag="300"><subfield code="a">v. :</subfield><subfield code="b">ill. ;</subfield><subfield code="c">55-61 cm.</subfield></datafield><datafield ind1="0" ind2=" " tag="362"><subfield code="a">Vol. 1, no. 1 (July 21, 1899)-</subfield></datafield><datafield ind1="1" ind2=" " tag="362"><subfield code="a">Ceased with July 6, 1900 issue?</subfield></datafield><datafield ind1=" " ind2=" " tag="500"><subfield code="a">Published by: Caney News Co., Sept. 9-Oct. 6, 1899; A.M. Parsons, Oct. 13, 1899-</subfield></datafield><datafield ind1=" " ind2=" " tag="500"><subfield code="a">"Anti-trust;" "Democratic."</subfield></datafield><datafield ind1=" " ind2=" " tag="752"><subfield code="a">United States</subfield><subfield code="b">Kansas</subfield><subfield code="c">Montgomery</subfield><subfield code="d">Caney.</subfield></datafield></record>